% example .bib file from
% http://www.math.duke.edu/computing/tex/templates/database.bib

@conference{Ful83,
   author = "William Fulton",
    title = "Introduction to intersection theory in algebraic geometry",
booktitle = "Regional Conference Series in Mathematics",
   number = 54,
     year = 1983}
     
@inproceedings{GMP81,
   author = "Mark Goresky and Robert MacPherson",
    title = "On the topology of complex algebraic maps",
booktitle = "Algebraic Geometry Proceedings, La R\'abida,
             Lecture Notes in Mathematics",
   number = 961,
     year = 1981}    
     
@phdthesis{Pat85,
  author = "V. Pati",
   title = "What is the title??",
  school = "Princeton",
    year = 1985}
         
@unpublished{PP98,
  author = "Adam Parusi\'nski and Piotr Pragacz",
   title = "Characteristic classes of hypersurfaces and characteristic cycles",
    note = "preprint",
   month = "January",
    year = 1998}

@article{TM83,
  author = "L\^e D{\~u}ng Trang and Zoghman Mebkhout",
   title = "Vari\'et\'es caract\'er\-istiques et vari\'et\'es polaires",
 journal = "C. R. Acad. Sc. Paris",
  volume = 296,
    year = 1983,
   pages = "129--132"}